<?xml version="1.0" encoding="UTF-8"?><collection xmlns="http://www.loc.gov/MARC21/slim"><record><leader>00308nam--2200133-i-4500</leader><controlfield tag="001">000024783</controlfield><controlfield tag="002">20161230</controlfield><controlfield tag="005">20161230201035</controlfield><controlfield tag="008">060222s1000------------r-----000-0-eng-d</controlfield><datafield ind1=" " ind2=" " tag="080"><subfield code="a">621.384.634</subfield></datafield><datafield ind1=" " ind2=" " tag="100"><subfield code="a">Hasylab</subfield></datafield><datafield ind1=" " ind2=" " tag="245"><subfield code="a">Synchrotron radiation 1989</subfield></datafield><datafield ind1=" " ind2=" " tag="260"><subfield code="a">Hamburg, Desy, 1989. 30 P</subfield></datafield><datafield ind1=" " ind2=" " tag="852"><subfield code="a">79308</subfield></datafield></record></collection>